@book{CainGlenGeorge1968Pimp,
series = {Discussion papers (University of Wisconsin--Madison. Institute for Research on Poverty) ; 28},
publisher = {[Institute for Research on Poverty, University of Wisconsin]},
year = {1968},
title = {Problems in making policy inferences from the Coleman report},
language = {eng},
address = {Madison]},
author = {Cain, Glen George},
keywords = {Coleman, James S., 1926-1995. Adolescent society; Educational equalization -- United States},
lccn = {74156667},
}

